@Misc{koeppe-zhou:cyclic-group-facets-inject,
  author =       {K{\"o}ppe, Matthias and Zhou, Yuan},
  title =        {All Cyclic Group Facets Inject},
  Eprint = {1807.09758},
  year =         2018,
}

@article{basu-hildebrand-koeppe:equivariant,
        Author = {Amitabh Basu and Robert Hildebrand and Matthias K{\"o}ppe},
        Date-Modified = {2015-04-29 15:12:47 +0000},
        Doi = {10.1287/moor.2014.0660},
        Journal = {Mathematics of Operations Research},
        Number = {1},
        Pages = {105--129},
        Title = {Equivariant Perturbation in {G}omory and {J}ohnson's Infinite Group Problem. {I}. {T}he One-Dimensional Case},
        Volume = {40},
        Was-Eprint = {eprint arXiv:{\penalty0}1206.2079 [math.OC]},
        Year = 2014,
        Bdsk-Url-1 = {http://dx.doi.org/10.1287/moor.2014.0660}}

@Article{koeppe-zhou:crazy-perturbation,
  Annote =       {in
                  basu-hildebrand-koeppe-papers/yuan/algo-paper/crazy-perturbation.tex},
  Author =       {K{\"o}ppe, Matthias and Zhou, Yuan},
  was-eprint =   {eprint arXiv:{\penalty0}1605.03975 [math.OC]},
  Title =        {Equivariant Perturbation in {G}omory and {J}ohnson's
                  Infinite Group Problem. {VI}. {T}he Curious Case of
                  Two-Sided Discontinuous Minimal Valid Functions},
  journal =      "Discrete Optimization",
  volume =       "30",
  pages =        "51--72",
  year =         "2018",
  issn =         "1572-5286",
  doi =          "https://doi.org/10.1016/j.disopt.2018.05.003",
  keywords =     "Integer programs, Cutting planes, Cut-generating
                  functions, Group relaxations",
  abstract =     "We construct a two-sided discontinuous piecewise
                  linear minimal valid cut-generating function for the
                  1-row Gomory–Johnson model which is not extreme, but
                  which is not a convex combination of other piecewise
                  linear minimal valid functions. The new function
                  only admits piecewise microperiodic
                  perturbations. We present an algorithm for verifying
                  certificates of non-extremality in the form of such
                  perturbations."
}

@Article{hong-koeppe-zhou:software-paper,
  author =       "Hong, Chun Yu and K{\"o}ppe, Matthias and Zhou,
                  Yuan",
  title =        {Equivariant Perturbation in {G}omory and {J}ohnson's
                  Infinite Group Problem {(V)}. {S}oftware for the
                  continuous and discontinuous 1-row case},
  journal =      {Optimization Methods and Software},
  volume =       {33},
  number =       {3},
  pages =        {475--498},
  year =         {2018},
  doi =          {10.1080/10556788.2017.1366486},
  was-eprint =   {eprint arXiv:{\penalty0}1609.04982 [math.OC]},
  abstract =     {We present software for investigations with
                  cut-generating functions in the Gomory–Johnson model
                  and extensions, implemented in the computer algebra
                  system SageMath.}
}

@PhdThesis{zhou:dissertation,
  author =       {Zhou, Yuan},
  title =        {Infinite-Dimensional Relaxations of Mixed-Integer Optimization Problems},
  school =       {University of California, Davis, Graduate Group in Applied Mathematics},
  year =         2017,
  month =        {May},
  url = {https://search.proquest.com/docview/1950269648}
}

@InCollection{koeppe-zhou:discontinuous-facets,
  author =       "K{\"o}ppe, Matthias and Zhou, Yuan",
  editor =       "Eisenbrand, Friedrich and Koenemann, Jochen",
  title =        "On the Notions of Facets, Weak Facets, and Extreme
                  Functions of the {G}omory--{J}ohnson Infinite Group
                  Problem",
  bookTitle =    "Integer Programming and Combinatorial Optimization:
                  19th International Conference, IPCO 2017, Waterloo,
                  ON, Canada, June 26--28, 2017, Proceedings",
  year =         "2017",
  publisher =    "Springer International Publishing",
  address =      "Cham",
  pages =        "330--342",
  abstract =     "We investigate three competing notions that
                  generalize the notion of a facet of
                  finite-dimensional polyhedra to the
                  infinite-dimensional Gomory--Johnson model. These
                  notions were known to coincide for continuous
                  piecewise linear functions with rational
                  breakpoints. We show that two of the notions,
                  extreme functions and facets, coincide for the case
                  of continuous piecewise linear functions, removing
                  the hypothesis regarding rational breakpoints. We
                  then separate the three notions using discontinuous
                  examples.",
  isbn =         "978-3-319-59250-3",
  doi =          "10.1007/978-3-319-59250-3_27",
  was-eprint =   {eprint arXiv:{\penalty0}1611.06626 [math.OC]},
  annote =       {in
                  basu-hildebrand-koeppe-papers/yuan/algo-paper/discontinuous-facets.tex}
}

@unpublished{hildebrand-koeppe-zhou:algo-paper,
  Annote =       {in
                  basu-hildebrand-koeppe-papers/algo-paper/algo-paper.tex},
  Author =       {Hildebrand, Robert and K{\"o}ppe, Matthias and Zhou, Yuan},
  Title =        {Equivariant Perturbation in {G}omory and {J}ohnson's Infinite Group Problem. {VII}. {Inverse} Semigroup Theory, Closures, Decomposition of Perturbations},
  Note =         {e-print, 61 pages},
  Year =         2018,
  eprint = {1811.06189}
}

@InCollection{hildebrand-koeppe-zhou:algo-paper-abstract-ipco,
  Annote =       {in
                  basu-hildebrand-koeppe-papers/algo-paper/algo-paper-abstract-other.tex},
  Author =       {Hildebrand, Robert and K{\"o}ppe, Matthias and Zhou,
                  Yuan},
  Title =        {On perturbation spaces of minimal valid functions:
                  Inverse semigroup theory and equivariant
                  decomposition theorem},
  Editor =       {Lodi, A. and Nagarajan, V.},
  Booktitle =    {Integer Programming and Combinatorial
                  Optimization. IPCO 2019},
  Series =       {Lecture Notes in Computer Science},
  Volume =       {11480},
  Publisher =    {Springer},
  Address =      {Cham},
  doi =          {https://doi.org/10.1007/978-3-030-17953-3_19},
  isbn =         {978-3-030-17952-6},
}
