%
%  Phantom references (these are referred to in various sections of the code)
%  Please add your own references to papers in the code and add the references here
%

@ARTICLE{eggleton83,
   author = {{Eggleton}, P.~P.},
    title = "{Approximations to the radii of Roche lobes}",
  journal = {\apj},
 keywords = {Binary Stars, Celestial Mechanics, Orbital Elements, Roche Limit, Mass Ratios, Radii},
     year = 1983,
    month = may,
   volume = 268,
    pages = {368},
      doi = {10.1086/160960},
   adsurl = {http://adsabs.harvard.edu/abs/1983ApJ...268..368E},
  adsnote = {Provided by the SAO/NASA Astrophysics Data System}
}

@ARTICLE{heerlein+99,
       author = {{Heerlein}, Claus and {Horne}, Keith and {Schwope}, Axel D.},
        title = "{Modelling of the magnetic accretion flow in HU Aquarii}",
      journal = {\mnras},
     keywords = {ACCRETION, ACCRETION DISCS, STARS: INDIVIDUAL: HU AQR, STARS: MAGNETIC
        FIELDS, NOVAE, CATACLYSMIC VARIABLES, Astrophysics},
         year = 1999,
        month = Mar,
       volume = {304},
        pages = {145-154},
          doi = {10.1046/j.1365-8711.1999.02311.x},
       adsurl = {https://ui.adsabs.harvard.edu/#abs/1999MNRAS.304..145H},
      adsnote = {Provided by the SAO/NASA Astrophysics Data System}
}

@ARTICLE{lodatoprice10,
   author = {{Lodato}, G. and {Price}, D.~J.},
    title = "{On the diffusive propagation of warps in thin accretion discs}",
  journal = {\mnras},
archivePrefix = "arXiv",
   eprint = {1002.2973},
 primaryClass = "astro-ph.HE",
 keywords = {accretion, accretion discs, hydrodynamics, instabilities},
     year = 2010,
    month = jun,
   volume = 405,
    pages = {1212-1226},
      doi = {10.1111/j.1365-2966.2010.16526.x},
   adsurl = {http://adsabs.harvard.edu/abs/2010MNRAS.405.1212L},
  adsnote = {Provided by the SAO/NASA Astrophysics Data System}
}

@ARTICLE{lubowshu75,
   author = {{Lubow}, S.~H. and {Shu}, F.~H.},
    title = "{Gas dynamics of semidetached binaries}",
  journal = {\apj},
 keywords = {Binary Stars, Gas Dynamics, Roche Limit, Stellar Winds, Celestial Mechanics, Orbital Velocity, Stellar Motions, Stellar Rotation},
     year = 1975,
    month = jun,
   volume = 198,
    pages = {383-405},
      doi = {10.1086/153614},
   adsurl = {http://adsabs.harvard.edu/abs/1975ApJ...198..383L},
  adsnote = {Provided by the SAO/NASA Astrophysics Data System}
}

@ARTICLE{price12,
   author = {{Price}, D.~J.},
    title = "{Smoothed particle hydrodynamics and magnetohydrodynamics}",
  journal = {Journal of Computational Physics},
archivePrefix = "arXiv",
   eprint = {1012.1885},
 primaryClass = "astro-ph.IM",
     year = 2012,
    month = feb,
   volume = 231,
    pages = {759-794},
      doi = {10.1016/j.jcp.2010.12.011},
   adsurl = {http://adsabs.harvard.edu/abs/2012JCoPh.231..759P},
  adsnote = {Provided by the SAO/NASA Astrophysics Data System}
}

@ARTICLE{pricefederrath10,
   author = {{Price}, D.~J. and {Federrath}, C.},
    title = "{A comparison between grid and particle methods on the statistics of driven, supersonic, isothermal turbulence}",
  journal = {\mnras},
archivePrefix = "arXiv",
   eprint = {1004.1446},
 primaryClass = "astro-ph.GA",
 keywords = {hydrodynamics, shock waves, turbulence, methods: numerical, stars: formation, ISM: general},
     year = 2010,
    month = aug,
   volume = 406,
    pages = {1659-1674},
      doi = {10.1111/j.1365-2966.2010.16810.x},
   adsurl = {http://adsabs.harvard.edu/abs/2010MNRAS.406.1659P},
  adsnote = {Provided by the SAO/NASA Astrophysics Data System}
}

@ARTICLE{pricemonaghan04a,
   author = {{Price}, D.~J. and {Monaghan}, J.~J.},
    title = "{Smoothed Particle Magnetohydrodynamics - I. Algorithm and tests in one dimension}",
  journal = {\mnras},
   eprint = {astro-ph/0310789},
 keywords = {magnetic fields, MHD, methods: numerical},
     year = 2004,
    month = feb,
   volume = 348,
    pages = {123-138},
      doi = {10.1111/j.1365-2966.2004.07345.x},
   adsurl = {http://adsabs.harvard.edu/abs/2004MNRAS.348..123P},
  adsnote = {Provided by the SAO/NASA Astrophysics Data System}
}

@ARTICLE{pricemonaghan04b,
   author = {{Price}, D.~J. and {Monaghan}, J.~J.},
    title = "{Smoothed Particle Magnetohydrodynamics - II. Variational principles and variable smoothing-length terms}",
  journal = {\mnras},
   eprint = {astro-ph/0310790},
 keywords = {magnetic fields, MHD, methods: numerical},
     year = 2004,
    month = feb,
   volume = 348,
    pages = {139-152},
      doi = {10.1111/j.1365-2966.2004.07346.x},
   adsurl = {http://adsabs.harvard.edu/abs/2004MNRAS.348..139P},
  adsnote = {Provided by the SAO/NASA Astrophysics Data System}
}

@ARTICLE{pricemonaghan05,
   author = {{Price}, D.~J. and {Monaghan}, J.~J.},
    title = "{Smoothed Particle Magnetohydrodynamics - III. Multidimensional tests and the {\nabla}.B= 0 constraint}",
  journal = {\mnras},
   eprint = {astro-ph/0509083},
 keywords = {magnetic fields, MHD, methods: numerical, stars: formation},
     year = 2005,
    month = dec,
   volume = 364,
    pages = {384-406},
      doi = {10.1111/j.1365-2966.2005.09576.x},
   adsurl = {http://adsabs.harvard.edu/abs/2005MNRAS.364..384P},
  adsnote = {Provided by the SAO/NASA Astrophysics Data System}
}

@ARTICLE{pricemonaghan07,
   author = {{Price}, D.~J. and {Monaghan}, J.~J.},
    title = "{An energy-conserving formalism for adaptive gravitational force softening in smoothed particle hydrodynamics and N-body codes}",
  journal = {\mnras},
   eprint = {astro-ph/0610872},
 keywords = {gravitation, hydrodynamics, methods: N-body simulations, methods: numerical},
     year = 2007,
    month = feb,
   volume = 374,
    pages = {1347-1358},
      doi = {10.1111/j.1365-2966.2006.11241.x},
   adsurl = {http://adsabs.harvard.edu/abs/2007MNRAS.374.1347P},
  adsnote = {Provided by the SAO/NASA Astrophysics Data System}
}

@ARTICLE{triccoprice12,
   author = {{Tricco}, T.~S. and {Price}, D.~J.},
    title = "{Constrained hyperbolic divergence cleaning for smoothed particle magnetohydrodynamics}",
  journal = {Journal of Computational Physics},
archivePrefix = "arXiv",
   eprint = {1206.6159},
 primaryClass = "astro-ph.IM",
     year = 2012,
    month = aug,
   volume = 231,
    pages = {7214-7236},
      doi = {10.1016/j.jcp.2012.06.039},
   adsurl = {http://adsabs.harvard.edu/abs/2012JCoPh.231.7214T},
  adsnote = {Provided by the SAO/NASA Astrophysics Data System}
}

@ARTICLE{triccoprice13,
   author = {{Tricco}, T.~S. and {Price}, D.~J.},
    title = "{A switch to reduce resistivity in smoothed particle magnetohydrodynamics}",
  journal = {\mnras},
archivePrefix = "arXiv",
   eprint = {1309.5437},
 primaryClass = "astro-ph.IM",
 keywords = {MHD, shock waves, turbulence, methods: numerical, stars: formation, ISM: magnetic fields},
     year = 2013,
    month = dec,
   volume = 436,
    pages = {2810-2817},
      doi = {10.1093/mnras/stt1776},
   adsurl = {http://adsabs.harvard.edu/abs/2013MNRAS.436.2810T},
  adsnote = {Provided by the SAO/NASA Astrophysics Data System}
}
