@misc{1505.04597,
Author = {Olaf Ronneberger and Philipp Fischer and Thomas Brox},
Title = {U-Net: Convolutional Networks for Biomedical Image Segmentation},
Year = {2015},
Eprint = {arXiv:1505.04597},
}

